
@online{dataset,
  title = {Heart Disease},
  author = {Andras Janosi and William Steinbrunn and Matthias Pfisterer and Robert Detrano},
  year = 2019,
  howpublished = "\url{https://archive.ics.uci.edu/ml/datasets/heart+Disease}",
  urldate = {2019-2-2},
}

@article{scikit-learn,
 title={Scikit-learn: Machine Learning in {P}ython},
 author={Pedregosa, F. and Varoquaux, G. and Gramfort, A. and Michel, V.
         and Thirion, B. and Grisel, O. and Blondel, M. and Prettenhofer, P.
         and Weiss, R. and Dubourg, V. and Vanderplas, J. and Passos, A. and
         Cournapeau, D. and Brucher, M. and Perrot, M. and Duchesnay, E.},
 journal={Journal of Machine Learning Research},
 volume={12},
 pages={2825--2830},
 year={2011}
}


