@online{python,
    title = {Binary Tree},
    author = {NahimNasser (GitHub)},
    year = 2012,
    howpublished = "\url{https://gist.github.com/NahimNasser/4705371}",
    urldate = {2019-6-7},
}


@online{data,
    title = {Vicugna Pacos},
    author = {National Center for Biotechnology Information},
    year = 2015,
    howpublished = "\url{ftp://ftp.ncbi.nih.gov/genomes/Vicugna_pacos/CHR_Un/vpa_ref_Vicugna_pacos-2.0.1_chrUn.fa.gz}",
    urldate = {2019-6-7},
}

