
@online{dataset,
  title = {Heart Disease},
  author = {Andras Janosi and William Steinbrunn and Matthias Pfisterer and Robert Detrano},
  year = 2019,
  howpublished = "\url{https://archive.ics.uci.edu/ml/datasets/heart+Disease}",
  urldate = {2019-2-2},
}


