@online{link,
    title = {EXACT STRING MATCHING ALGORITHMS},
    author = {Christian Charras, Thierry Lecroq},
    year = 1997,
    howpublished = "\url{http://www-igm.univ-mlv.fr/~lecroq/string/index.html}",
    urldate = {2019-6-7},
}