@online{wiki,
  title = {kd-tree},
  author = {Wikipedia},
  year = 2019,
  howpublished = "\url{https://en.wikipedia.org/wiki/K-d_tree}",
  urldate = {2019-6-2},
}

@online{nns,
  title = {Nearest Neighbor Search},
  author = {Thinh Nguyen},
  year = 2019,
  howpublished = "\url{http://andrewd.ces.clemson.edu/courses/cpsc805/references/nearest_search.pdf}",
  urldate = {2019-6-2},
}

