@online{python,
    title = {vptree},
    author = {Rickard Sj√∂gren},
    year = 2017,
    howpublished = "\url{https://pypi.org/project/vptree/}",
    urldate = {2019-6-7},
}

@online{cpp,
    title = {vptree},
    author = {(GitHub) pderkowski},
    year = 2017,
    howpublished = "\url{https://github.com/pderkowski/vptree}",
    urldate = {2019-6-7},
}